<?xml version="1.0" encoding="UTF-8"?><collection xmlns="http://www.loc.gov/MARC21/slim"><record><leader>00555nam--2200181-i-4500</leader><controlfield tag="001">000024344</controlfield><controlfield tag="002">20161230</controlfield><controlfield tag="005">20170206184847</controlfield><controlfield tag="008">060222s1000------------r-----000-0-eng-d</controlfield><datafield ind1=" " ind2=" " tag="040"><subfield code="a">IFIN-HH</subfield></datafield><datafield ind1=" " ind2=" " tag="080"><subfield code="a">519.216.8</subfield></datafield><datafield ind1="1" ind2=" " tag="100"><subfield code="a">Rosenblatt, Murray</subfield></datafield><datafield ind1="1" ind2="0" tag="245"><subfield code="a">Markov processes. Structure and asymptotic behavior</subfield><subfield code="c">Murray Rosenblatt</subfield></datafield><datafield ind1=" " ind2=" " tag="260"><subfield code="a">Berlin</subfield><subfield code="b">Springer-Verlag</subfield><subfield code="c">1971</subfield></datafield><datafield ind1=" " ind2=" " tag="300"><subfield code="a">268 p</subfield></datafield><datafield ind1=" " ind2=" " tag="490"><subfield code="a">Die Grundlehren Der Mathematischen Wissenschaften In Einzeldarstellungen</subfield><subfield code="v">Band 184</subfield></datafield><datafield ind1=" " ind2=" " tag="852"><subfield code="a">75757</subfield><subfield code="c">519.2</subfield></datafield><datafield ind1=" " ind2=" " tag="CAT"><subfield code="a">SYS</subfield><subfield code="c">20170206</subfield><subfield code="h">184847</subfield></datafield></record></collection>